<?xml version="1.0" encoding="UTF-8"?><record xmlns="http://www.loc.gov/MARC21/slim" xmlns:cinclude="http://apache.org/cocoon/include/1.0" xmlns:zs="http://www.loc.gov/zing/srw/">
  <leader>01937cz  a2200193n  4500</leader>
  <controlfield tag="001">nb2004306858</controlfield>
  <controlfield tag="003">DLC</controlfield>
  <controlfield tag="005">20111017074714.0</controlfield>
  <controlfield tag="008">041102n| acannaabn          |a ana      </controlfield>
  <datafield tag="010" ind1=" " ind2=" ">
    <subfield code="a">nb2004306858</subfield>
  </datafield>
  <datafield tag="035" ind1=" " ind2=" ">
    <subfield code="a">(OCoLC)oca06486549</subfield>
  </datafield>
  <datafield tag="040" ind1=" " ind2=" ">
    <subfield code="a">Uk</subfield>
    <subfield code="b">eng</subfield>
    <subfield code="c">Uk</subfield>
    <subfield code="d">Uk</subfield>
    <subfield code="d">DLC</subfield>
    <subfield code="d">UkCU</subfield>
  </datafield>
  <datafield tag="110" ind1="2" ind2=" ">
    <subfield code="a">Essex Institute of Higher Education</subfield>
  </datafield>
  <datafield tag="510" ind1="2" ind2=" ">
    <subfield code="w">a</subfield>
    <subfield code="a">Chelmer Institute of Higher Education</subfield>
  </datafield>
  <datafield tag="510" ind1="2" ind2=" ">
    <subfield code="w">b</subfield>
    <subfield code="a">Anglia Higher Education College</subfield>
  </datafield>
  <datafield tag="670" ind1=" " ind2=" ">
    <subfield code="a">Digital telephony transmission, 1985</subfield>
  </datafield>
  <datafield tag="670" ind1=" " ind2=" ">
    <subfield code="a">BL auth. file, 2 Nov. 2004</subfield>
    <subfield code="b">(hdg.: Essex Institute of Higher Education)</subfield>
  </datafield>
  <datafield tag="670" ind1=" " ind2=" ">
    <subfield code="a">APU WWW Site, 2 Nov. 2004</subfield>
    <subfield code="b">Brief history of APU page (Chelmer Institute of Higher Education became Essex Institute of Higher Education in 1984, in 1989 the Cambridgeshire College of Arts and Technology and the Essex Institute of Higher Education merged to become Anglia Higher Education College)</subfield>
  </datafield>
  <datafield tag="670" ind1=" " ind2=" ">
    <subfield code="a">Anglia Ruskin University, heritage Web site, Feb. 8, 2008</subfield>
    <subfield code="b">(1909: Cambridge and County School of Arts, Crafts, and Technology was opened [no publs. in LC database]; 1935: Mid-Essex Technical College and School of Art was established [no publs. in LC database]; 1960: Cambridgeshire Technical College and School of Art [no publs. in LC database] became the Cambridgeshire College of Arts and Technology; 1976: Mid-Essex Technical College and Brentwood College of Education [no publs. in LC database] merged to form the Chelmer Institute of Higher Education; 1984: Chelmer Institute became the Essex Institute of Higher Education; 1989: Cambridgeshire College of Arts and Technology and the Essex Institute of Higher Education became statutory corporations and then merged to become Anglia Higher Education College (AHEC); 1991: AHEC was granted Polytechnic status becoming Anglia Polytechnic; 1992: Privy Council awarded University status thus forming Anglia Polytechnic University; 2005: Privy Council approves name change to Anglia Ruskin University)</subfield>
  </datafield>
</record>